@misc{wcag,
   author = "Web Accessibility Initiative",
   title = "Web Content Accessibility Guidelines",
   year = "2018",
   url = "https://www.w3.org/WAI/standards-guidelines/wcag/"
}
@misc{GDPR-EU,
    author = "Wikipedia",
    title = "General Data Protection Regulation",
    year = "2016",
    url = "https://en.wikipedia.org/wiki/General_Data_Protection_Regulation"
}
@misc{PIPEDA-CA,
    author = "Wikipedia",
    title = "Personal Information Protection and Electronic Documents Act",
    year = "2000",
    url = "https://en.wikipedia.org/wiki/Personal_Information_Protection_and_Electronic_Documents_Act"
}
